@book{unix,
	author = {Вахалия, Ю.},
	title = {Unix изнутри}
}

@book{unixos,
	author = {Робачевский, А.},
	title = {Операционная система UNIX}
}

@book{solrus,
	author = {Соломон М., Руссинович Д.},
	title = {Внутреннее устройство Microsoft Windows 7-е издание}
}